@generic{WorldBank2022c,
   author = {{World Bank}},
   title = {Population, total: China},
   url = {https://data.worldbank.org/indicator/SP.POP.TOTL?locations=CN},
   year = {2022}
}
@generic{PBL2022,
   author = {{PBL Netherlands Environmental Agency}},
   title = {Projected global greenhouse gas emission levels by 2030},
   url = {https://themasites.pbl.nl/o/climate-ndc-policies-tool/downloads/Table%20Projected%20emissions%20January%202022.pdf},
   year = {2022},
}
@web_page{CEM2022,
   author = {{Climate Equity Monitor}},
   journal = {Climate Equity Monitor},
   title = {The truth about Climate Equity},
   url = {https://climateequitymonitor.in/#carbonDebt-nonannex1},
   year = {2022},
}
@article{Knight2004,
   author = {J Knight and L Shi and L Song},
   journal = {Human development in the era of globalization: Essays in honor of Keith B},
   pages = {44-63},
   title = {The rural-urban divide and the evolution of political economy in China},
   year = {2004},
}
@web_page{EEA2022,
   author = {{European Environment Agency}},
   journal = {European Environment Agency},
   title = {Greenhouse gas emissions from transport in Europe},
   url = {https://www.eea.europa.eu/ims/greenhouse-gas-emissions-from-transport},
   year = {2022},
}
@article{Peters2017,
  doi = {10.1038/nclimate3202},
  url = {https://doi.org/10.1038/nclimate3202},
  year = {2017},
  month = jan,
  publisher = {Springer Science and Business Media {LLC}},
  volume = {7},
  number = {2},
  pages = {118--122},
  author = {Glen P. Peters and Robbie M. Andrew and Josep G. Canadell and Sabine Fuss and Robert B. Jackson and Jan~Ivar Korsbakken and Corinne Le Qu{\'{e}}r{\'{e}} and Nebojsa Nakicenovic},
  title = {Key indicators to track current progress and future ambition of the Paris Agreement},
  journal = {Nature Climate Change}
}
@article{Zheng2019,
  doi = {10.1073/pnas.1908513117},
  url = {https://doi.org/10.1073/pnas.1908513117},
  year = {2019},
  month = dec,
  publisher = {Proceedings of the National Academy of Sciences},
  volume = {117},
  number = {1},
  pages = {29--36},
  author = {Xiaoqi Zheng and Yonglong Lu and Jingjing Yuan and Yvette Baninla and Sheng Zhang and Nils Chr. Stenseth and Dag O. Hessen and Hanqin Tian and Michael Obersteiner and Deliang Chen},
  title = {Drivers of change in China's energy-related {CO}
		            $\less$sub$\greater$2$\less$/sub$\greater$
		            emissions},
  journal = {Proceedings of the National Academy of Sciences}
}
@article{Lamb2021,
  doi = {10.1088/1748-9326/abee4e},
  url = {https://doi.org/10.1088/1748-9326/abee4e},
  year = {2021},
  month = jun,
  publisher = {{IOP} Publishing},
  volume = {16},
  number = {7},
  pages = {073005},
  author = {William F Lamb and Thomas Wiedmann and Julia Pongratz and Robbie Andrew and Monica Crippa and Jos G J Olivier and Dominik Wiedenhofer and Giulio Mattioli and Alaa Al Khourdajie and Jo House and Shonali Pachauri and Maria Figueroa and Yamina Saheb and Raphael Slade and Klaus Hubacek and Laixiang Sun and Suzana Kahn Ribeiro and Smail Khennas and Stephane de la Rue du Can and Lazarus Chapungu and Steven J Davis and Igor Bashmakov and Hancheng Dai and Shobhakar Dhakal and Xianchun Tan and Yong Geng and Baihe Gu and Jan Minx},
  title = {A review of trends and drivers of greenhouse gas emissions by sector from 1990 to 2018},
  journal = {Environmental Research Letters}
}
@generic{WorldBank2022d,
   author = {{World Bank}},
   title = {World Bank GNI per capita Operational Guidelines and Analytical Classifications},
   url = {http://databank.worldbank.org/data/download/site-content/OGHIST.xlsx},
   year = {2022},
}
@working_paper{Fantom2016,
   author = {N Fantom and U Serajuddin},
   institution = {World Bank Group},
   pages = {1-50},
   title = {The World Bank's Classification of Countries by Income},
   year = {2016},
}
@article{Kinnunen2019,
   author = {J Kinnunen and A Androniceanu and I Georgescu},
   issue = {4},
   journal = {Informatica Economica},
   pages = {26-40},
   title = {The Role of Economic and Political Features in Classification on Countries-in-Transition by Human Development Index},
   volume = {23},
   year = {2019},
}
@report{UNFCCC2015,
   author = {{UNFCCC}},
   title = {The Paris Agreement},
   year = {2015},
}
@web_page{Zhou2022,
   author = {Feng Zhou and Linan Peng and Jie Li},
   journal = {Energy Foundation},
   title = {China’s 14th Five-Year Plans on Renewable Energy Development and Modern Energy System},
   url = {https://www.efchina.org/Blog-en/blog-20220905-en},
   year = {2022},
}
@report{DRCEP2021a,
   author = {{Department of Resource Conservation and Environmental Protection}},
   title = {Action Plan for Carbon Dioxide Peaking Before 2030},
   url = {https://en.ndrc.gov.cn/policies/202110/t20211027_1301020.html},
   year = {2021},
}
@report{DRCEP2021b,
   author = {{Department of Resource Conservation and Environmental Protection}},
   title = {Working Guidance for Carbon Dioxide Peaking and Carbon Neutrality in Full and Faithful Implementation of the New Development Philosophy},
   url = {https://en.ndrc.gov.cn/policies/202110/t20211024_1300725.html},
   year = {2021},
}
@report{China2021,
   author = {{People's Republic of China}},
   pages = {1-56},
   title = {China's Achievements, New Goals and New Measures for Nationally Determined Contributions},
   url = {https://unfccc.int/sites/default/files/NDC/2022-06/China’s%20Achievements%2C%20New%20Goals%20and%20New%20Measures%20for%20Nationally%20Determined%20Contributions.pdf},
   year = {2021},
}
@web_page{CAT2022,
   author = {{Climate Action Tracker}},
   journal = {CAT},
   title = {China. Country summary},
   url = {https://climateactiontracker.org/countries/china/},
   year = {2022},
}
@web_page{Jinping2020,
   author = {Xi Jinping},
   journal = {CGTN},
   title = {Full text: Xi Jinping's speech at the General Debate of the 75th session of the United Nations General Assembly},
   url = {https://news.cgtn.com/news/2020-09-23/Full-text-Xi-Jinping-s-speech-at-General-Debate-of-UNGA-U07X2dn8Ag/index.html},
   year = {2020},
}
@web_page{Green2022,
   author = {Mark Green},
   journal = {Wilson Center},
   title = {Chinese Coal-based Power Plants},
   url = {https://www.wilsoncenter.org/blog-post/chinese-coal-based-power-plants},
   year = {2022},
}
@web_page{IEA2022,
   author = {{International Energy Agency}},
   journal = {IEA},
   title = {China. Key energy statistics 2020.},
   url = {https://www.iea.org/countries/china},
   year = {2022},
}