@misc{Giacomo2022,
  doi = {10.5281/ZENODO.7190601},
  url = {https://zenodo.org/record/7190601},
  author = {{Grassi Giacomo} and {Federici Sandro} and {Abad-Vinas Raul} and {Korosuo Anu} and {Rossi Simone}},
  title = {LULUCF data based on National GHG inventories (NGHGI DB)},
  publisher = {Zenodo},
  year = {2022},
  copyright = {Creative Commons Attribution 4.0 International}
}

@book{EC2022,
  place = {LU},
  title = {CO2 emissions of all world countriesâ€¯:JRC/IEA/PBL 2022 report.},
  url = {https://data.europa.eu/doi/10.2760/730164},
  DOI = {10.2760/730164},
  publisher = {Publications Office},
  author = {European Commission. Joint Research Centre.},
  year = {2022}
}

@misc{WorldBank2022a,
 abstract = {Updated country income classifications for the World Bank's 2020 fiscal year are available here. The World Bank assigns the world's economies into four income groups --- high, upper-middle, lower-middle, and low.},
 author = {{World Bank}},
 year = {12.12.2022},
 title = {New country classifications by income level: 2019-2020},
 url = {https://blogs.worldbank.org/opendata/new-country-classifications-income-level-2019-2020},
 urldate = {12.12.2022}
}

@article{Peters2011,
  doi = {10.1073/pnas.1006388108},
  url = {https://doi.org/10.1073/pnas.1006388108},
  year = {2011},
  month = apr,
  publisher = {Proceedings of the National Academy of Sciences},
  volume = {108},
  number = {21},
  pages = {8903--8908},
  author = {Glen P. Peters and Jan C. Minx and Christopher L. Weber and Ottmar Edenhofer},
  title = {Growth in emission transfers via international trade from 1990 to 2008},
  journal = {Proceedings of the National Academy of Sciences}
}

@misc{WorldBank2022b,
 abstract = {The World Development Indicators (WDI) is the primary World Bank collection of development indicators, compiled from officially-recognized international sources. It presents the most current and accurate global development data available, and includes national, regional and global estimates.},
 author = {{World Bank}},
 year = {2022},
 title = {World Development Indicators | Data Catalog},
 url = {https://datacatalog.worldbank.org/search/dataset/0037712/World-Development-Indicators},
 urldate = {12.12.2022}
}