@Manual{R-assertthat,
  title = {assertthat: Easy Pre and Post Assertions},
  author = {Hadley Wickham},
  year = {2019},
  note = {R package version 0.2.1},
  url = {https://CRAN.R-project.org/package=assertthat},
}

@Manual{R-backports,
  title = {backports: Reimplementations of Functions Introduced Since R-3.0.0},
  author = {Michel Lang and {R Core Team}},
  year = {2021},
  note = {R package version 1.4.1},
  url = {https://github.com/r-lib/backports},
}

@Manual{R-base,
  title = {R: A Language and Environment for Statistical Computing},
  author = {{R Core Team}},
  organization = {R Foundation for Statistical Computing},
  address = {Vienna, Austria},
  year = {2022},
  url = {https://www.R-project.org/},
}

@Manual{R-bibtex,
  title = {bibtex: Bibtex Parser},
  author = {Romain Francois and Diego Hernangómez},
  year = {2022},
  note = {R package version 0.5.0},
  url = {https://CRAN.R-project.org/package=bibtex},
}

@Manual{R-broom,
  title = {broom: Convert Statistical Objects into Tidy Tibbles},
  author = {David Robinson and Alex Hayes and Simon Couch},
  year = {2022},
  note = {R package version 1.0.1},
  url = {https://CRAN.R-project.org/package=broom},
}

@Manual{R-cellranger,
  title = {cellranger: Translate Spreadsheet Cell Ranges to Rows and Columns},
  author = {Jennifer Bryan},
  year = {2016},
  note = {R package version 1.1.0},
  url = {https://github.com/rsheets/cellranger},
}

@Manual{R-class,
  title = {class: Functions for Classification},
  author = {Brian Ripley},
  year = {2022},
  note = {R package version 7.3-20},
  url = {http://www.stats.ox.ac.uk/pub/MASS4/},
}

@Manual{R-classInt,
  title = {classInt: Choose Univariate Class Intervals},
  author = {Roger Bivand},
  year = {2022},
  note = {R package version 0.4-8},
  url = {https://CRAN.R-project.org/package=classInt},
}

@Manual{R-cli,
  title = {cli: Helpers for Developing Command Line Interfaces},
  author = {Gábor Csárdi},
  year = {2022},
  note = {R package version 3.4.0},
  url = {https://CRAN.R-project.org/package=cli},
}

@Manual{R-colorspace,
  title = {colorspace: A Toolbox for Manipulating and Assessing Colors and Palettes},
  author = {Ross Ihaka and Paul Murrell and Kurt Hornik and Jason C. Fisher and Reto Stauffer and Claus O. Wilke and Claire D. McWhite and Achim Zeileis},
  year = {2022},
  note = {R package version 2.0-3},
  url = {https://CRAN.R-project.org/package=colorspace},
}

@Manual{R-countrycode,
  title = {countrycode: Convert Country Names and Country Codes},
  author = {Vincent Arel-Bundock},
  year = {2022},
  note = {R package version 1.4.0},
  url = {https://vincentarelbundock.github.io/countrycode/},
}

@Manual{R-crayon,
  title = {crayon: Colored Terminal Output},
  author = {Gábor Csárdi},
  year = {2022},
  note = {R package version 1.5.1},
  url = {https://github.com/r-lib/crayon#readme},
}

@Manual{R-curl,
  title = {curl: A Modern and Flexible Web Client for R},
  author = {Jeroen Ooms},
  year = {2021},
  note = {R package version 4.3.2},
  url = {https://CRAN.R-project.org/package=curl},
}

@Manual{R-data.table,
  title = {data.table: Extension of `data.frame`},
  author = {Matt Dowle and Arun Srinivasan},
  year = {2021},
  note = {R package version 1.14.2},
  url = {https://CRAN.R-project.org/package=data.table},
}

@Manual{R-DBI,
  title = {DBI: R Database Interface},
  author = {{R Special Interest Group on Databases (R-SIG-DB)} and Hadley Wickham and Kirill Müller},
  year = {2022},
  note = {R package version 1.1.3},
  url = {https://CRAN.R-project.org/package=DBI},
}

@Manual{R-dbplyr,
  title = {dbplyr: A dplyr Back End for Databases},
  author = {Hadley Wickham and Maximilian Girlich and Edgar Ruiz},
  year = {2022},
  note = {R package version 2.2.1},
  url = {https://CRAN.R-project.org/package=dbplyr},
}

@Manual{R-digest,
  title = {digest: Create Compact Hash Digests of R Objects},
  author = {Dirk Eddelbuettel},
  year = {2021},
  note = {R package version 0.6.29},
  url = {https://CRAN.R-project.org/package=digest},
}

@Manual{R-dplyr,
  title = {dplyr: A Grammar of Data Manipulation},
  author = {Hadley Wickham and Romain François and Lionel Henry and Kirill Müller},
  year = {2022},
  note = {R package version 1.0.10},
  url = {https://CRAN.R-project.org/package=dplyr},
}

@Manual{R-e1071,
  title = {e1071: Misc Functions of the Department of Statistics, Probability
Theory Group (Formerly: E1071), TU Wien},
  author = {David Meyer and Evgenia Dimitriadou and Kurt Hornik and Andreas Weingessel and Friedrich Leisch},
  year = {2022},
  note = {R package version 1.7-11},
  url = {https://CRAN.R-project.org/package=e1071},
}

@Manual{R-ellipsis,
  title = {ellipsis: Tools for Working with ...},
  author = {Hadley Wickham},
  year = {2021},
  note = {R package version 0.3.2},
  url = {https://CRAN.R-project.org/package=ellipsis},
}

@Manual{R-eurostat,
  title = {eurostat: Tools for Eurostat Open Data},
  author = {Leo Lahti and Janne Huovari and Markus Kainu and Przemyslaw Biecek},
  year = {2022},
  note = {R package version 3.7.10},
  url = {https://CRAN.R-project.org/package=eurostat},
}

@Manual{R-evaluate,
  title = {evaluate: Parsing and Evaluation Tools that Provide More Details than the
Default},
  author = {Hadley Wickham and Yihui Xie},
  year = {2022},
  note = {R package version 0.16},
  url = {https://github.com/r-lib/evaluate},
}

@Manual{R-fansi,
  title = {fansi: ANSI Control Sequence Aware String Functions},
  author = {Brodie Gaslam},
  year = {2022},
  note = {R package version 1.0.3},
  url = {https://github.com/brodieG/fansi},
}

@Manual{R-fastmap,
  title = {fastmap: Fast Data Structures},
  author = {Winston Chang},
  year = {2021},
  note = {R package version 1.1.0},
  url = {https://CRAN.R-project.org/package=fastmap},
}

@Manual{R-forcats,
  title = {forcats: Tools for Working with Categorical Variables (Factors)},
  author = {Hadley Wickham},
  year = {2022},
  note = {R package version 0.5.2},
  url = {https://CRAN.R-project.org/package=forcats},
}

@Manual{R-forecast,
  title = {forecast: Forecasting Functions for Time Series and Linear Models},
  author = {Rob Hyndman and George Athanasopoulos and Christoph Bergmeir and Gabriel Caceres and Leanne Chhay and Kirill Kuroptev and Mitchell O'Hara-Wild and Fotios Petropoulos and Slava Razbash and Earo Wang and Farah Yasmeen},
  year = {2022},
  note = {R package version 8.18},
  url = {https://CRAN.R-project.org/package=forecast},
}

@Manual{R-fracdiff,
  title = {fracdiff: Fractionally Differenced ARIMA aka ARFIMA(P,d,q) Models},
  author = {Martin Maechler},
  year = {2022},
  note = {R package version 1.5-2},
  url = {https://github.com/mmaechler/fracdiff},
}

@Manual{R-fs,
  title = {fs: Cross-Platform File System Operations Based on libuv},
  author = {Jim Hester and Hadley Wickham and Gábor Csárdi},
  year = {2021},
  note = {R package version 1.5.2},
  url = {https://CRAN.R-project.org/package=fs},
}

@Manual{R-gargle,
  title = {gargle: Utilities for Working with Google APIs},
  author = {Jennifer Bryan and Craig Citro and Hadley Wickham},
  year = {2022},
  note = {R package version 1.2.1},
  url = {https://CRAN.R-project.org/package=gargle},
}

@Manual{R-generics,
  title = {generics: Common S3 Generics not Provided by Base R Methods Related to
Model Fitting},
  author = {Hadley Wickham and Max Kuhn and Davis Vaughan},
  year = {2022},
  note = {R package version 0.1.3},
  url = {https://CRAN.R-project.org/package=generics},
}

@Manual{R-ggplot2,
  title = {ggplot2: Create Elegant Data Visualisations Using the Grammar of Graphics},
  author = {Hadley Wickham and Winston Chang and Lionel Henry and Thomas Lin Pedersen and Kohske Takahashi and Claus Wilke and Kara Woo and Hiroaki Yutani and Dewey Dunnington},
  year = {2022},
  note = {R package version 3.3.6},
  url = {https://CRAN.R-project.org/package=ggplot2},
}

@Manual{R-ggridges,
  title = {ggridges: Ridgeline Plots in ggplot2},
  author = {Claus O. Wilke},
  year = {2022},
  note = {R package version 0.5.4},
  url = {https://wilkelab.org/ggridges/},
}

@Manual{R-ggtext,
  title = {ggtext: Improved Text Rendering Support for ggplot2},
  author = {Claus O. Wilke and Brenton M. Wiernik},
  year = {2022},
  note = {R package version 0.1.2},
  url = {https://wilkelab.org/ggtext/},
}

@Manual{R-glue,
  title = {glue: Interpreted String Literals},
  author = {Jim Hester and Jennifer Bryan},
  year = {2022},
  note = {R package version 1.6.2},
  url = {https://CRAN.R-project.org/package=glue},
}

@Manual{R-googledrive,
  title = {googledrive: An Interface to Google Drive},
  author = {Lucy {D'Agostino McGowan} and Jennifer Bryan},
  year = {2021},
  note = {R package version 2.0.0},
  url = {https://CRAN.R-project.org/package=googledrive},
}

@Manual{R-googlesheets4,
  title = {googlesheets4: Access Google Sheets using the Sheets API V4},
  author = {Jennifer Bryan},
  year = {2022},
  note = {R package version 1.0.1},
  url = {https://CRAN.R-project.org/package=googlesheets4},
}

@Manual{R-gridtext,
  title = {gridtext: Improved Text Rendering Support for Grid Graphics},
  author = {Claus O. Wilke and Brenton M. Wiernik},
  year = {2022},
  note = {R package version 0.1.5},
  url = {https://wilkelab.org/gridtext/},
}

@Manual{R-gtable,
  title = {gtable: Arrange Grobs in Tables},
  author = {Hadley Wickham and Thomas Lin Pedersen},
  year = {2022},
  note = {R package version 0.3.1},
  url = {https://CRAN.R-project.org/package=gtable},
}

@Manual{R-haven,
  title = {haven: Import and Export SPSS, Stata and SAS Files},
  author = {Hadley Wickham and Evan Miller and Danny Smith},
  year = {2022},
  note = {R package version 2.5.1},
  url = {https://CRAN.R-project.org/package=haven},
}

@Manual{R-here,
  title = {here: A Simpler Way to Find Your Files},
  author = {Kirill Müller},
  year = {2020},
  note = {R package version 1.0.1},
  url = {https://CRAN.R-project.org/package=here},
}

@Manual{R-hms,
  title = {hms: Pretty Time of Day},
  author = {Kirill Müller},
  year = {2022},
  note = {R package version 1.1.2},
  url = {https://CRAN.R-project.org/package=hms},
}

@Manual{R-htmltools,
  title = {htmltools: Tools for HTML},
  author = {Joe Cheng and Carson Sievert and Barret Schloerke and Winston Chang and Yihui Xie and Jeff Allen},
  year = {2022},
  note = {R package version 0.5.3},
  url = {https://github.com/rstudio/htmltools},
}

@Manual{R-htmlwidgets,
  title = {htmlwidgets: HTML Widgets for R},
  author = {Ramnath Vaidyanathan and Yihui Xie and JJ Allaire and Joe Cheng and Carson Sievert and Kenton Russell},
  year = {2021},
  note = {R package version 1.5.4},
  url = {https://github.com/ramnathv/htmlwidgets},
}

@Manual{R-httr,
  title = {httr: Tools for Working with URLs and HTTP},
  author = {Hadley Wickham},
  year = {2022},
  note = {R package version 1.4.4},
  url = {https://CRAN.R-project.org/package=httr},
}

@Manual{R-imputeTS,
  title = {imputeTS: Time Series Missing Value Imputation},
  author = {Steffen Moritz and Sebastian Gatscha},
  year = {2022},
  note = {R package version 3.3},
  url = {https://CRAN.R-project.org/package=imputeTS},
}

@Manual{R-jsonlite,
  title = {jsonlite: A Simple and Robust JSON Parser and Generator for R},
  author = {Jeroen Ooms},
  year = {2022},
  note = {R package version 1.8.0},
  url = {https://CRAN.R-project.org/package=jsonlite},
}

@Manual{R-kableExtra,
  title = {kableExtra: Construct Complex Table with kable and Pipe Syntax},
  author = {Hao Zhu},
  year = {2021},
  note = {R package version 1.3.4},
  url = {https://CRAN.R-project.org/package=kableExtra},
}

@Manual{R-KernSmooth,
  title = {KernSmooth: Functions for Kernel Smoothing Supporting Wand \& Jones (1995)},
  author = {Matt Wand},
  year = {2021},
  note = {R package version 2.23-20},
  url = {https://CRAN.R-project.org/package=KernSmooth},
}

@Manual{R-knitr,
  title = {knitr: A General-Purpose Package for Dynamic Report Generation in R},
  author = {Yihui Xie},
  year = {2022},
  note = {R package version 1.40},
  url = {https://yihui.org/knitr/},
}

@Manual{R-lattice,
  title = {lattice: Trellis Graphics for R},
  author = {Deepayan Sarkar},
  year = {2021},
  note = {R package version 0.20-45},
  url = {http://lattice.r-forge.r-project.org/},
}

@Manual{R-lazyeval,
  title = {lazyeval: Lazy (Non-Standard) Evaluation},
  author = {Hadley Wickham},
  year = {2019},
  note = {R package version 0.2.2},
  url = {https://CRAN.R-project.org/package=lazyeval},
}

@Manual{R-lifecycle,
  title = {lifecycle: Manage the Life Cycle of your Package Functions},
  author = {Lionel Henry and Hadley Wickham},
  year = {2022},
  note = {R package version 1.0.2},
  url = {https://CRAN.R-project.org/package=lifecycle},
}

@Manual{R-lmtest,
  title = {lmtest: Testing Linear Regression Models},
  author = {Torsten Hothorn and Achim Zeileis and Richard W. Farebrother and Clint Cummins},
  year = {2022},
  note = {R package version 0.9-40},
  url = {https://CRAN.R-project.org/package=lmtest},
}

@Manual{R-lubridate,
  title = {lubridate: Make Dealing with Dates a Little Easier},
  author = {Vitalie Spinu and Garrett Grolemund and Hadley Wickham},
  year = {2021},
  note = {R package version 1.8.0},
  url = {https://CRAN.R-project.org/package=lubridate},
}

@Manual{R-magrittr,
  title = {magrittr: A Forward-Pipe Operator for R},
  author = {Stefan Milton Bache and Hadley Wickham},
  year = {2022},
  note = {R package version 2.0.3},
  url = {https://CRAN.R-project.org/package=magrittr},
}

@Manual{R-modelr,
  title = {modelr: Modelling Functions that Work with the Pipe},
  author = {Hadley Wickham},
  year = {2022},
  note = {R package version 0.1.9},
  url = {https://CRAN.R-project.org/package=modelr},
}

@Manual{R-munsell,
  title = {munsell: Utilities for Using Munsell Colours},
  author = {Charlotte Wickham},
  year = {2018},
  note = {R package version 0.5.0},
  url = {https://CRAN.R-project.org/package=munsell},
}

@Manual{R-nlme,
  title = {nlme: Linear and Nonlinear Mixed Effects Models},
  author = {José Pinheiro and Douglas Bates and {R Core Team}},
  year = {2022},
  note = {R package version 3.1-157},
  url = {https://svn.r-project.org/R-packages/trunk/nlme/},
}

@Manual{R-nnet,
  title = {nnet: Feed-Forward Neural Networks and Multinomial Log-Linear Models},
  author = {Brian Ripley},
  year = {2022},
  note = {R package version 7.3-17},
  url = {http://www.stats.ox.ac.uk/pub/MASS4/},
}

@Manual{R-openxlsx,
  title = {openxlsx: Read, Write and Edit xlsx Files},
  author = {Philipp Schauberger and Alexander Walker},
  year = {2021},
  note = {R package version 4.2.5},
  url = {https://CRAN.R-project.org/package=openxlsx},
}

@Manual{R-pacman,
  title = {pacman: Package Management Tool},
  author = {Tyler Rinker and Dason Kurkiewicz},
  year = {2019},
  note = {R package version 0.5.1},
  url = {https://github.com/trinker/pacman},
}

@Manual{R-pillar,
  title = {pillar: Coloured Formatting for Columns},
  author = {Kirill Müller and Hadley Wickham},
  year = {2022},
  note = {R package version 1.8.1},
  url = {https://CRAN.R-project.org/package=pillar},
}

@Manual{R-pkgconfig,
  title = {pkgconfig: Private Configuration for R Packages},
  author = {Gábor Csárdi},
  year = {2019},
  note = {R package version 2.0.3},
  url = {https://github.com/r-lib/pkgconfig#readme},
}

@Manual{R-plotly,
  title = {plotly: Create Interactive Web Graphics via plotly.js},
  author = {Carson Sievert and Chris Parmer and Toby Hocking and Scott Chamberlain and Karthik Ram and Marianne Corvellec and Pedro Despouy},
  year = {2022},
  note = {R package version 4.10.1},
  url = {https://CRAN.R-project.org/package=plotly},
}

@Manual{R-plyr,
  title = {plyr: Tools for Splitting, Applying and Combining Data},
  author = {Hadley Wickham},
  year = {2022},
  note = {R package version 1.8.7},
  url = {https://CRAN.R-project.org/package=plyr},
}

@Manual{R-proxy,
  title = {proxy: Distance and Similarity Measures},
  author = {David Meyer and Christian Buchta},
  year = {2022},
  note = {R package version 0.4-27},
  url = {https://CRAN.R-project.org/package=proxy},
}

@Manual{R-purrr,
  title = {purrr: Functional Programming Tools},
  author = {Lionel Henry and Hadley Wickham},
  year = {2020},
  note = {R package version 0.3.4},
  url = {https://CRAN.R-project.org/package=purrr},
}

@Manual{R-quadprog,
  title = {quadprog: Functions to Solve Quadratic Programming Problems},
  author = {Berwin A. Turlach and Andreas Weingessel},
  year = {2019},
  note = {R package version 1.5-8},
  url = {https://CRAN.R-project.org/package=quadprog},
}

@Manual{R-quantmod,
  title = {quantmod: Quantitative Financial Modelling Framework},
  author = {Jeffrey A. Ryan and Joshua M. Ulrich},
  year = {2022},
  note = {R package version 0.4.20},
  url = {https://CRAN.R-project.org/package=quantmod},
}

@Manual{R-R6,
  title = {R6: Encapsulated Classes with Reference Semantics},
  author = {Winston Chang},
  year = {2021},
  note = {R package version 2.5.1},
  url = {https://CRAN.R-project.org/package=R6},
}

@Manual{R-Rcpp,
  title = {Rcpp: Seamless R and C++ Integration},
  author = {Dirk Eddelbuettel and Romain Francois and JJ Allaire and Kevin Ushey and Qiang Kou and Nathan Russell and Inaki Ucar and Douglas Bates and John Chambers},
  year = {2022},
  note = {R package version 1.0.9},
  url = {https://CRAN.R-project.org/package=Rcpp},
}

@Manual{R-readr,
  title = {readr: Read Rectangular Text Data},
  author = {Hadley Wickham and Jim Hester and Jennifer Bryan},
  year = {2022},
  note = {R package version 2.1.2},
  url = {https://CRAN.R-project.org/package=readr},
}

@Manual{R-readxl,
  title = {readxl: Read Excel Files},
  author = {Hadley Wickham and Jennifer Bryan},
  year = {2022},
  note = {R package version 1.4.1},
  url = {https://CRAN.R-project.org/package=readxl},
}

@Manual{R-RefManageR,
  title = {RefManageR: Straightforward BibTeX and BibLaTeX Bibliography Management},
  author = {Mathew W. McLean},
  year = {2022},
  note = {R package version 1.4.0},
  url = {https://github.com/ropensci/RefManageR/},
}

@Manual{R-regions,
  title = {regions: Processing Regional Statistics},
  author = {Daniel Antal},
  year = {2021},
  note = {R package version 0.1.8},
  url = {https://regions.dataobservatory.eu/},
}

@Manual{R-reprex,
  title = {reprex: Prepare Reproducible Example Code via the Clipboard},
  author = {Jennifer Bryan and Jim Hester and David Robinson and Hadley Wickham and Christophe Dervieux},
  year = {2022},
  note = {R package version 2.0.2},
  url = {https://CRAN.R-project.org/package=reprex},
}

@Manual{R-rlang,
  title = {rlang: Functions for Base Types and Core R and Tidyverse Features},
  author = {Lionel Henry and Hadley Wickham},
  year = {2022},
  note = {R package version 1.0.5},
  url = {https://CRAN.R-project.org/package=rlang},
}

@Manual{R-rmarkdown,
  title = {rmarkdown: Dynamic Documents for R},
  author = {JJ Allaire and Yihui Xie and Jonathan McPherson and Javier Luraschi and Kevin Ushey and Aron Atkins and Hadley Wickham and Joe Cheng and Winston Chang and Richard Iannone},
  year = {2022},
  note = {R package version 2.16},
  url = {https://CRAN.R-project.org/package=rmarkdown},
}

@Manual{R-rprojroot,
  title = {rprojroot: Finding Files in Project Subdirectories},
  author = {Kirill Müller},
  year = {2022},
  note = {R package version 2.0.3},
  url = {https://CRAN.R-project.org/package=rprojroot},
}

@Manual{R-rstudioapi,
  title = {rstudioapi: Safely Access the RStudio API},
  author = {Kevin Ushey and JJ Allaire and Hadley Wickham and Gary Ritchie},
  year = {2022},
  note = {R package version 0.14},
  url = {https://CRAN.R-project.org/package=rstudioapi},
}

@Manual{R-rvest,
  title = {rvest: Easily Harvest (Scrape) Web Pages},
  author = {Hadley Wickham},
  year = {2022},
  note = {R package version 1.0.3},
  url = {https://CRAN.R-project.org/package=rvest},
}

@Manual{R-scales,
  title = {scales: Scale Functions for Visualization},
  author = {Hadley Wickham and Dana Seidel},
  year = {2022},
  note = {R package version 1.2.1},
  url = {https://CRAN.R-project.org/package=scales},
}

@Manual{R-stinepack,
  title = {stinepack: Stineman, a Consistently Well Behaved Method of Interpolation},
  author = {Tomas Johannesson & Halldor Bjornsson and Icelandic Met. Office; Gabor Grothendieck},
  year = {2018},
  note = {R package version 1.4},
  url = {https://CRAN.R-project.org/package=stinepack},
}

@Manual{R-stringi,
  title = {stringi: Fast and Portable Character String Processing Facilities},
  author = {Marek Gagolewski and Bartek Tartanus and others; Unicode and {Inc.} and others},
  year = {2022},
  note = {R package version 1.7.8},
  url = {https://CRAN.R-project.org/package=stringi},
}

@Manual{R-stringr,
  title = {stringr: Simple, Consistent Wrappers for Common String Operations},
  author = {Hadley Wickham},
  year = {2022},
  note = {R package version 1.4.1},
  url = {https://CRAN.R-project.org/package=stringr},
}

@Manual{R-svglite,
  title = {svglite: An SVG Graphics Device},
  author = {Hadley Wickham and Lionel Henry and Thomas Lin Pedersen and T Jake Luciani and Matthieu Decorde and Vaudor Lise},
  year = {2022},
  note = {R package version 2.1.0},
  url = {https://CRAN.R-project.org/package=svglite},
}

@Manual{R-systemfonts,
  title = {systemfonts: System Native Font Finding},
  author = {Thomas Lin Pedersen and Jeroen Ooms and Devon Govett},
  year = {2022},
  note = {R package version 1.0.4},
  url = {https://github.com/r-lib/systemfonts},
}

@Manual{R-tibble,
  title = {tibble: Simple Data Frames},
  author = {Kirill Müller and Hadley Wickham},
  year = {2022},
  note = {R package version 3.1.8},
  url = {https://CRAN.R-project.org/package=tibble},
}

@Manual{R-tidyr,
  title = {tidyr: Tidy Messy Data},
  author = {Hadley Wickham and Maximilian Girlich},
  year = {2022},
  note = {R package version 1.2.1},
  url = {https://CRAN.R-project.org/package=tidyr},
}

@Manual{R-tidyselect,
  title = {tidyselect: Select from a Set of Strings},
  author = {Lionel Henry and Hadley Wickham},
  year = {2022},
  note = {R package version 1.1.2},
  url = {https://CRAN.R-project.org/package=tidyselect},
}

@Manual{R-tidyverse,
  title = {tidyverse: Easily Install and Load the Tidyverse},
  author = {Hadley Wickham},
  year = {2022},
  note = {R package version 1.3.2},
  url = {https://CRAN.R-project.org/package=tidyverse},
}

@Manual{R-timeDate,
  title = {timeDate: Rmetrics - Chronological and Calendar Objects},
  author = {Diethelm Wuertz and Tobias Setz and Yohan Chalabi},
  year = {2022},
  note = {R package version 4021.104},
  url = {https://CRAN.R-project.org/package=timeDate},
}

@Manual{R-tseries,
  title = {tseries: Time Series Analysis and Computational Finance},
  author = {Adrian Trapletti and Kurt Hornik},
  year = {2022},
  note = {R package version 0.10-52},
  url = {https://CRAN.R-project.org/package=tseries},
}

@Manual{R-TTR,
  title = {TTR: Technical Trading Rules},
  author = {Joshua Ulrich},
  year = {2021},
  note = {R package version 0.24.3},
  url = {https://github.com/joshuaulrich/TTR},
}

@Manual{R-tzdb,
  title = {tzdb: Time Zone Database Information},
  author = {Davis Vaughan},
  year = {2022},
  note = {R package version 0.3.0},
  url = {https://CRAN.R-project.org/package=tzdb},
}

@Manual{R-urca,
  title = {urca: Unit Root and Cointegration Tests for Time Series Data},
  author = {Bernhard Pfaff},
  year = {2022},
  note = {R package version 1.3-3},
  url = {https://CRAN.R-project.org/package=urca},
}

@Manual{R-utf8,
  title = {utf8: Unicode Text Processing},
  author = {Patrick O. Perry},
  year = {2021},
  note = {R package version 1.2.2},
  url = {https://CRAN.R-project.org/package=utf8},
}

@Manual{R-vctrs,
  title = {vctrs: Vector Helpers},
  author = {Hadley Wickham and Lionel Henry and Davis Vaughan},
  year = {2022},
  note = {R package version 0.4.1},
  url = {https://vctrs.r-lib.org/},
}

@Manual{R-viridisLite,
  title = {viridisLite: Colorblind-Friendly Color Maps (Lite Version)},
  author = {Simon Garnier},
  year = {2022},
  note = {R package version 0.4.1},
  url = {https://CRAN.R-project.org/package=viridisLite},
}

@Manual{R-WDI,
  title = {WDI: World Development Indicators and Other World Bank Data},
  author = {Vincent Arel-Bundock},
  year = {2022},
  note = {R package version 2.7.8},
  url = {https://vincentarelbundock.github.io/WDI/},
}

@Manual{R-webshot,
  title = {webshot: Take Screenshots of Web Pages},
  author = {Winston Chang},
  year = {2022},
  note = {R package version 0.5.3},
  url = {https://CRAN.R-project.org/package=webshot},
}

@Manual{R-withr,
  title = {withr: Run Code With Temporarily Modified Global State},
  author = {Jim Hester and Lionel Henry and Kirill Müller and Kevin Ushey and Hadley Wickham and Winston Chang},
  year = {2022},
  note = {R package version 2.5.0},
  url = {https://CRAN.R-project.org/package=withr},
}

@Manual{R-xfun,
  title = {xfun: Supporting Functions for Packages Maintained by Yihui Xie},
  author = {Yihui Xie},
  year = {2022},
  note = {R package version 0.33},
  url = {https://github.com/yihui/xfun},
}

@Manual{R-xml2,
  title = {xml2: Parse XML},
  author = {Hadley Wickham and Jim Hester and Jeroen Ooms},
  year = {2021},
  note = {R package version 1.3.3},
  url = {https://CRAN.R-project.org/package=xml2},
}

@Manual{R-xts,
  title = {xts: eXtensible Time Series},
  author = {Jeffrey A. Ryan and Joshua M. Ulrich},
  year = {2022},
  note = {R package version 0.12.2},
  url = {https://github.com/joshuaulrich/xts},
}

@Manual{R-yaml,
  title = {yaml: Methods to Convert R Data to YAML and Back},
  author = {Shawn P Garbett and Jeremy Stephens and Kirill Simonov and Yihui Xie and Zhuoer Dong and Hadley Wickham and Jeffrey Horner and {reikoch} and Will Beasley and Brendan O'Connor and Gregory R. Warnes and Michael Quinn and Zhian N. Kamvar},
  year = {2022},
  note = {R package version 2.3.5},
  url = {https://github.com/vubiostat/r-yaml/},
}

@Manual{R-zip,
  title = {zip: Cross-Platform zip Compression},
  author = {Gábor Csárdi and Kuba Podgórski and Rich Geldreich},
  year = {2022},
  note = {R package version 2.2.1},
  url = {https://github.com/r-lib/zip#readme},
}

@Manual{R-zoo,
  title = {zoo: S3 Infrastructure for Regular and Irregular Time Series (Z's
Ordered Observations)},
  author = {Achim Zeileis and Gabor Grothendieck and Jeffrey A. Ryan},
  year = {2022},
  note = {R package version 1.8-11},
  url = {https://zoo.R-Forge.R-project.org/},
}

@Book{class2002,
  title = {Modern Applied Statistics with S},
  author = {W. N. Venables and B. D. Ripley},
  publisher = {Springer},
  edition = {Fourth},
  address = {New York},
  year = {2002},
  note = {ISBN 0-387-95457-0},
  url = {https://www.stats.ox.ac.uk/pub/MASS4/},
}

@Article{colorspace2020a,
  title = {{colorspace}: A Toolbox for Manipulating and Assessing Colors and Palettes},
  author = {Achim Zeileis and Jason C. Fisher and Kurt Hornik and Ross Ihaka and Claire D. McWhite and Paul Murrell and Reto Stauffer and Claus O. Wilke},
  journal = {Journal of Statistical Software},
  year = {2020},
  volume = {96},
  number = {1},
  pages = {1--49},
  doi = {10.18637/jss.v096.i01},
}

@Article{colorspace2009a,
  title = {Escaping {RGB}land: Selecting Colors for Statistical Graphics},
  author = {Achim Zeileis and Kurt Hornik and Paul Murrell},
  journal = {Computational Statistics \& Data Analysis},
  year = {2009},
  volume = {53},
  number = {9},
  pages = {3259--3270},
  doi = {10.1016/j.csda.2008.11.033},
}

@Article{colorspace2009b,
  title = {Somewhere over the Rainbow: How to Make Effective Use of Colors in Meteorological Visualizations},
  author = {Reto Stauffer and Georg J. Mayr and Markus Dabernig and Achim Zeileis},
  journal = {Bulletin of the American Meteorological Society},
  year = {2009},
  volume = {96},
  number = {2},
  pages = {203--216},
  doi = {10.1175/BAMS-D-13-00155.1},
}

@Article{countrycode2018,
  title = {countrycode: An R package to convert country names and country codes},
  author = {Vincent Arel-Bundock and Nils Enevoldsen and CJ Yetman},
  journal = {Journal of Open Source Software},
  year = {2018},
  volume = {3},
  number = {28},
  pages = {848},
  url = {https://doi.org/10.21105/joss.00848},
}

@Article{eurostat2017,
  title = {Retrieval and Analysis of Eurostat Open Data with the eurostat Package},
  author = {Leo Lahti and Janne Huovari and Markus Kainu and Przemyslaw Biecek},
  journal = {The R Journal},
  volume = {9},
  number = {1},
  pages = {385--392},
  year = {2017},
  doi = {10.32614/RJ-2017-019},
  url = {https://doi.org/10.32614/RJ-2017-019},
}

@Article{forecast2008,
  title = {Automatic time series forecasting: the forecast package for {R}},
  author = {Rob J Hyndman and Yeasmin Khandakar},
  journal = {Journal of Statistical Software},
  volume = {26},
  number = {3},
  pages = {1--22},
  year = {2008},
  doi = {10.18637/jss.v027.i03},
}

@Book{ggplot22016,
  author = {Hadley Wickham},
  title = {ggplot2: Elegant Graphics for Data Analysis},
  publisher = {Springer-Verlag New York},
  year = {2016},
  isbn = {978-3-319-24277-4},
  url = {https://ggplot2.tidyverse.org},
}

@Article{imputeTS2017,
  title = {{imputeTS: Time Series Missing Value Imputation in R}},
  author = {Steffen Moritz and Thomas Bartz-Beielstein},
  journal = {{The R Journal}},
  volume = {9},
  number = {1},
  pages = {207--218},
  year = {2017},
  doi = {10.32614/RJ-2017-009},
}

@Article{jsonlite2014,
  title = {The jsonlite Package: A Practical and Consistent Mapping Between JSON Data and R Objects},
  author = {Jeroen Ooms},
  journal = {arXiv:1403.2805 [stat.CO]},
  year = {2014},
  url = {https://arxiv.org/abs/1403.2805},
}

@Book{knitr2015,
  title = {Dynamic Documents with {R} and knitr},
  author = {Yihui Xie},
  publisher = {Chapman and Hall/CRC},
  address = {Boca Raton, Florida},
  year = {2015},
  edition = {2nd},
  note = {ISBN 978-1498716963},
  url = {https://yihui.org/knitr/},
}

@InCollection{knitr2014,
  booktitle = {Implementing Reproducible Computational Research},
  editor = {Victoria Stodden and Friedrich Leisch and Roger D. Peng},
  title = {knitr: A Comprehensive Tool for Reproducible Research in {R}},
  author = {Yihui Xie},
  publisher = {Chapman and Hall/CRC},
  year = {2014},
  note = {ISBN 978-1466561595},
  url = {http://www.crcpress.com/product/isbn/9781466561595},
}

@Book{lattice2008,
  title = {Lattice: Multivariate Data Visualization with R},
  author = {Deepayan Sarkar},
  publisher = {Springer},
  address = {New York},
  year = {2008},
  note = {ISBN 978-0-387-75968-5},
  url = {http://lmdvr.r-forge.r-project.org},
}

@Article{lmtest2002,
  title = {Diagnostic Checking in Regression Relationships},
  author = {Achim Zeileis and Torsten Hothorn},
  journal = {R News},
  year = {2002},
  volume = {2},
  number = {3},
  pages = {7--10},
  url = {https://CRAN.R-project.org/doc/Rnews/},
}

@Article{lubridate2011,
  title = {Dates and Times Made Easy with {lubridate}},
  author = {Garrett Grolemund and Hadley Wickham},
  journal = {Journal of Statistical Software},
  year = {2011},
  volume = {40},
  number = {3},
  pages = {1--25},
  url = {https://www.jstatsoft.org/v40/i03/},
}

@Book{nlme2000,
  title = {Mixed-Effects Models in S and S-PLUS},
  author = {José C. Pinheiro and Douglas M. Bates},
  year = {2000},
  publisher = {Springer},
  address = {New York},
  doi = {10.1007/b98882},
}

@Book{nnet2002,
  title = {Modern Applied Statistics with S},
  author = {W. N. Venables and B. D. Ripley},
  publisher = {Springer},
  edition = {Fourth},
  address = {New York},
  year = {2002},
  note = {ISBN 0-387-95457-0},
  url = {https://www.stats.ox.ac.uk/pub/MASS4/},
}

@Manual{pacman2018,
  title = {{pacman}: {P}ackage Management for {R}},
  author = {Tyler W. Rinker and Dason Kurkiewicz},
  address = {Buffalo, New York},
  note = {version 0.5.0},
  year = {2018},
  url = {http://github.com/trinker/pacman},
}

@Book{plotly2020,
  author = {Carson Sievert},
  title = {Interactive Web-Based Data Visualization with R, plotly, and shiny},
  publisher = {Chapman and Hall/CRC},
  year = {2020},
  isbn = {9781138331457},
  url = {https://plotly-r.com},
}

@Article{plyr2011,
  title = {The Split-Apply-Combine Strategy for Data Analysis},
  author = {Hadley Wickham},
  journal = {Journal of Statistical Software},
  year = {2011},
  volume = {40},
  number = {1},
  pages = {1--29},
  url = {https://www.jstatsoft.org/v40/i01/},
}

@Article{Rcpp2011,
  title = {{Rcpp}: Seamless {R} and {C++} Integration},
  author = {Dirk Eddelbuettel and Romain Fran\c{c}ois},
  journal = {Journal of Statistical Software},
  year = {2011},
  volume = {40},
  number = {8},
  pages = {1--18},
  doi = {10.18637/jss.v040.i08},
}

@Book{Rcpp2013,
  title = {Seamless {R} and {C++} Integration with {Rcpp}},
  author = {Dirk Eddelbuettel},
  publisher = {Springer},
  address = {New York},
  year = {2013},
  note = {ISBN 978-1-4614-6867-7},
  doi = {10.1007/978-1-4614-6868-4},
}

@Article{Rcpp2018,
  title = {{Extending 	extit{R} with 	extit{C++}: A Brief Introduction to 	extit{Rcpp}}},
  author = {Dirk Eddelbuettel and James Joseph Balamuta},
  journal = {The American Statistician},
  year = {2018},
  volume = {72},
  number = {1},
  pages = {28-36},
  doi = {10.1080/00031305.2017.1375990},
}

@Article{RefManageR2017,
  author = {Mathew William McLean},
  title = {RefManageR: Import and Manage BibTeX and BibLaTeX References in R},
  journal = {The Journal of Open Source Software},
  year = {2017},
  doi = {10.21105/joss.00338},
}

@Manual{RefManageR2014,
  author = {Mathew William McLean},
  title = {Straightforward Bibliography Management in R Using the RefManager Package},
  note = {arXiv: 1403.2036 [cs.DL]},
  year = {2014},
  url = {https://arxiv.org/abs/1403.2036},
}

@Book{rmarkdown2018,
  title = {R Markdown: The Definitive Guide},
  author = {Yihui Xie and J.J. Allaire and Garrett Grolemund},
  publisher = {Chapman and Hall/CRC},
  address = {Boca Raton, Florida},
  year = {2018},
  note = {ISBN 9781138359338},
  url = {https://bookdown.org/yihui/rmarkdown},
}

@Book{rmarkdown2020,
  title = {R Markdown Cookbook},
  author = {Yihui Xie and Christophe Dervieux and Emily Riederer},
  publisher = {Chapman and Hall/CRC},
  address = {Boca Raton, Florida},
  year = {2020},
  note = {ISBN 9780367563837},
  url = {https://bookdown.org/yihui/rmarkdown-cookbook},
}

@Article{stringi2022,
  title = {{stringi}: {F}ast and portable character string processing in {R}},
  author = {Marek Gagolewski},
  journal = {Journal of Statistical Software},
  year = {2022},
  volume = {103},
  number = {2},
  pages = {1--59},
  doi = {10.18637/jss.v103.i02},
}

@Article{tidyverse2019,
  title = {Welcome to the {tidyverse}},
  author = {Hadley Wickham and Mara Averick and Jennifer Bryan and Winston Chang and Lucy D'Agostino McGowan and Romain François and Garrett Grolemund and Alex Hayes and Lionel Henry and Jim Hester and Max Kuhn and Thomas Lin Pedersen and Evan Miller and Stephan Milton Bache and Kirill Müller and Jeroen Ooms and David Robinson and Dana Paige Seidel and Vitalie Spinu and Kohske Takahashi and Davis Vaughan and Claus Wilke and Kara Woo and Hiroaki Yutani},
  year = {2019},
  journal = {Journal of Open Source Software},
  volume = {4},
  number = {43},
  pages = {1686},
  doi = {10.21105/joss.01686},
}

@Book{urca2008,
  title = {Analysis of Integrated and Cointegrated Time Series with R},
  author = {B. Pfaff},
  publisher = {Springer},
  edition = {Second},
  address = {New York},
  year = {2008},
  note = {ISBN 0-387-27960-1},
  url = {https://www.pfaffikus.de},
}

@Article{zoo2005,
  title = {zoo: S3 Infrastructure for Regular and Irregular Time Series},
  author = {Achim Zeileis and Gabor Grothendieck},
  journal = {Journal of Statistical Software},
  year = {2005},
  volume = {14},
  number = {6},
  pages = {1--27},
  doi = {10.18637/jss.v014.i06},
}

